% Encoding: UTF-8

@Misc{cdc17,
  author       = {Centers for Disease Control and Prevention},
  title        = {Prescription Opioid Overdose Data},
  howpublished = {online},
  month        = Oct,
  year         = {2017},
  owner        = {Centers for Disease Control and Prevention},
  url          = {https://www.cdc.gov/drugoverdose/data/overdose.html},
}

@Article{colizza06,
  author  = {Colizza, Vittoria and Barrat, Alain and Barth√©lemy, Marc and Vespignani, Alessandro},
  title   = {The role of the airline transportation network in the prediction and predictability of global epidemics},
  journal = {Proceedings of the National Academy of Sciences of the United States of America},
  year    = {2006},
  volume  = {103},
  number  = {7},
  pages   = {2015-2020},
  doi     = {10.1073/pnas.0510525103},
  eprint  = {http://www.pnas.org/content/103/7/2015.full.pdf},
  url     = {http://www.pnas.org/content/103/7/2015.abstract},
}

@Misc{getdata17,
  author       = {hd1 and yoavram},
  title        = {Python: Download Returned Zip file from URL},
  howpublished = {Online},
  month        = Feb,
  year         = {2016},
  note         = {Stackoverflow.com},
  timestamp    = {2017-11-25},
  url          = {https://stackoverflow.com/questions/9419162/python-download-returned-zip-file-from-url},
}

@Article{herland14,
  author  = {Herland, M. and Khoshgoftaar, T. M. and Wald, R.},
  title   = {A review of data mining using big data in health informatics.},
  journal = {Journal Of Big Data},
  year    = {2014},
  volume  = {1},
  number  = {2},
  doi     = {https://doi.org/10.1186/2196-1115-1-2},
  url     = {https://link.springer.com/article/10.1186/2196-1115-1-2#citeas},
}

@Article{johnson11,
  author  = {Johnson, K. and Isham, A. and Shah, D.V. and Gustafson, D.H.},
  title   = {Potential Roles for New Communication Technologies in Treatment of Addiction.},
  journal = {Current psychiatry reports.},
  year    = {2011},
  doi     = {10.1007/s11920-011-0218-y},
  url     = {https://www.ncbi.nlm.nih.gov/pmc/articles/PMC3179375/},
}

@TechReport{cdc16,
  author      = {Rose A. Judd and Noah Aleshire and Jon E. Zibbell and R. Matthew Gladden},
  title       = {Increases in Drug and Opioid Overdose Deaths, United States, 2000-2014},
  institution = {Centers for Disease Control and Prevention},
  year        = {2016},
  type        = {techreport},
  number      = {64(50)},
  address     = {Atlanta, GA},
  month       = Jan,
  note        = {Morbidity and Mortality Weekly Report (MMWR)},
  url         = {https://www.cdc.gov/mmwr/preview/mmwrhtml/mm6450a3.htm},
}

@Article{marsch12,
  author  = {Marsch, Lisa A.},
  title   = {Leveraging teachnology to enhance addiction treatment and recovery.},
  journal = {Journal of Addictive Diseases},
  year    = {2012},
  volume  = {31},
  number  = {3},
  pages   = {313-318},
  doi     = {10.1080/10550887.2012.694606},
  url     = {https://www.ncbi.nlm.nih.gov/pmc/articles/PMC3650640/},
}

@Book{mckinney17,
  title     = {Python for Data Analysis},
  publisher = {O'Reilly Media Inc.},
  year      = {2017},
  author    = {Wes McKinney},
  address   = {Sebastopol, CA},
  url       = {https://github.com/wesm/pydata-book},
}


@Book{muller17,
  title     = {Introduction to Machine Learning},
  publisher = {O'Reilly},
  year      = {2017},
  author    = {Andreas C. Muller and Sarah Guido},
  address   = {Sebastopol, CA},
  url       = {https://github.com/amueller/introduction_to_ml_with_python/},
}

@TechReport{nida17,
  author      = {National Institute on Drug Abuse (NIDA)},
  title       = {Overdose Death Rates},
  institution = {National Institutes of Health (NIH)},
  year        = {2017},
  type        = {Summary},
  address     = {Washington D.C.},
  url         = {https://www.drugabuse.gov/related-topics/trends-statistics/overdose-death-rates},
}

@Article{pastor01,
  author    = {Romualdo Pastor-Satorras and Alessandro Vespignani},
  title     = {Epidemic Spreading in Scale-Free Networks},
  journal   = {Phys. Rev. Lett.},
  year      = {2001},
  volume    = {86},
  pages     = {3200-3203},
  month     = {Apr},
  doi       = {10.1103/PhysRevLett.86.3200},
  issue     = {14},
  publisher = {American Physical Society},
  url       = {https://link.aps.org/doi/10.1103/PhysRevLett.86.3200},
}

@TechReport{rahm00,
  author      = {E. Rahm and H. Hai Do},
  title       = {Data cleaning: Problems and current approaches},
  institution = {Bulletin of the Technical Committee on Data Engineering},
  year        = {2000},
  type        = {techreport},
  number      = {23(4)},
  address     = {1730 Massachusetts Avenue, Washington D.C.},
  month       = Dec,
  owner       = {IEEE Computer Society},
  url         = {https://s3.amazonaws.com/academia.edu.documents/41858217/A00DEC-CD.pdf?AWSAccessKeyId=AKIAIWOWYYGZ2Y53UL3A&Expires=1511155930&Signature=VWRM7u4KWtP6ZxX5jB%2Bh6wMCbpg%3D&response-content-disposition=inline%3B%20filename%3DAutomatically_extracting_structure_from.pdf#page=5},
}

@Book{raschka17,
  title     = {Ptyhon Machine Learning, Second Edition},
  publisher = {Packt},
  year      = {2017},
  author    = {Sebastian Raschka and Vahid Mirjalili},
  address   = {Birmingham, UK},
  url       = {https://github.com/rasbt/python-machine-learning-book-2nd-edition},
}

@TechReport{samhsa16,
  author      = {Substance Abuse and Mental Health Services Administration, Center for Behavioral Health Statistics and Quality},
  title       = {National Survey on Drug Use and Health (NSDUH) 2015},
  institution = {United States Department of Health and Human Services.},
  year        = {2016},
  type        = {Online data archive},
  address     = {Ann Arbor, MI},
  doi         = {http://doi.org/10.3886/ICPSR50011.v1},
  url         = {http://datafiles.samhsa.gov/info/browse-studies-nid3454},
}

@Article{shaham03,
  author  = {Shaham, Yavin and Shalev, Uri and Lu, Lin and de Wit, Harriet and Stewart, Jane},
  title   = {The reinstatement model of drug relapse: history, methodology and major findings},
  journal = {Psychopharmacology},
  year    = {2003},
  volume  = {168},
  number  = {1},
  pages   = {3--20},
  month   = {Jul},
  issn    = {1432-2072},
  day     = {01},
  doi     = {10.1007/s00213-002-1224-x},
  url     = {url="https://doi.org/10.1007/s00213-002-1224-x"},
}

@Misc{data17,
  author       = {S.M. Shiverick},
  title        = {BDA Project Data},
  howpublished = {github},
  month        = Nov,
  year         = {2017},
  comment      = {Interactive Python Jupyter Notebook on Data Cleaning and Preparation},
  url          = {https://github.com/bigdata-i523/hid335/blob/master/project/BDA-Project-Data.ipynb},
}

@Misc{codebook17,
  author       = {S.M. Shiverick},
  title        = {Project Codebook for Data Variables from NSDUH-2015},
  howpublished = {github},
  month        = Nov,
  year         = {2017},
  comment      = {Subset of variables from NSDUH-2015 with code names and response frequency summary},
  url          = {https://github.com/bigdata-i523/hid335/blob/master/project/project-data-codebook.txt},
}

@Misc{eda17,
  author       = {S. M. Shiverick},
  title        = {Exploratory Data Analysis},
  howpublished = {Github},
  month        = Dec,
  year         = {2017},
  timestamp    = {20170-12-04},
  url          = {https://github.com/bigdata-i523/hid335/blob/master/project/BDA-Project-Explore-Data.ipynb},
}

@Misc{dataviz17,
  author       = {S. M. Shiverick},
  title        = {Project Data Visualization},
  howpublished = {Github},
  month        = Dec,
  year         = {2017},
  timestamp    = {20170-12-04},
  url          = {https://github.com/bigdata-i523/hid335/blob/master/project/BDA-Project-Explore-Data.ipynb},
}

@Misc{classifyH,
  author       = {S.M. Shiverick},
  title        = {Classification Models of Heroin Use},
  howpublished = {github},
  month        = Nov,
  year         = {2017},
  note         = {Interactive Python Jupyter Notebook},
  timestamp    = {2017-11-30},
  url          = {https://github.com/bigdata-i523/hid335/blob/master/project/BDA-Analytics-Classifier-Heroin.ipynb},
}

@Misc{classifyPRL,
  author       = {S.M. Shiverick},
  title        = {Classification Models of Prescription Opioid Pain Relievers Misuse},
  howpublished = {github},
  month        = Nov,
  year         = {2017},
  note         = {Interactive Python Jupyter Notebook},
  timestamp    = {2017-11-30},
  url          = {https://github.com/bigdata-i523/hid335/blob/master/project/BDA-Analytics-Classifier-PRL.ipynb},
}

@Misc{pipeline17,
  author       = {S. M. Shiverick},
  title        = {Project Workflow Pipeline},
  howpublished = {Github},
  month        = Dec,
  year         = {2017},
  timestamp    = {20170-12-04},
  url          = {https://github.com/bigdata-i523/hid335/blob/master/project/readme.md},
}

@Article{swendson16,
  author  = {J. Swendsen},
  title   = {Contributions of mobile technologies to addiction research},
  journal = {Dialogues Clinical Neuroscience},
  year    = {2016},
  volume  = {18},
  number  = {2},
  pages   = {213-221},
  month   = Jun,
  url     = {https://www.ncbi.nlm.nih.gov/pmc/articles/PMC4969708/},
}

@Book{vanderplas17,
  title     = {Python Data Science Handbook},
  publisher = {O'Reilly Media Inc.},
  year      = {2017},
  author    = {Jake VanderPlas},
  address   = {Sebastopol, CA},
  url       = {https://jakevdp.github.io/PythonDataScienceHandbook/},
}

@Article{varshney13,
  author  = {Varshney, Upkar},
  title   = {Smart medication management system and multiple interventions for medication adherence},
  journal = {Decision Support Systems},
  year    = {2013},
  volume  = {55},
  number  = {5},
  pages   = {538-551},
  month   = May,
  doi     = {https://doi.org/10.1016/j.dss.2012.10.011},
  url     = {http://www.sciencedirect.com/science/article/pii/S0167923612002667},
}

@Article{volkow14,
  author  = {Volkow , Nora D. and Frieden , Thomas R. and Hyde , Pamela S. and Cha , Stephen S.},
  title   = {Medication-Assisted Therapies: Tackling the Opioid-Overdose Epidemic},
  journal = {New England Journal of Medicine},
  year    = {2014},
  volume  = {370},
  number  = {22},
  pages   = {2063-2066},
  note    = {PMID: 24758595},
  doi     = {10.1056/NEJMp1402780},
  eprint  = {http://dx.doi.org/10.1056/NEJMp1402780},
  url     = {http://dx.doi.org/10.1056/NEJMp1402780},
}

@Comment{jabref-meta: databaseType:bibtex;}
