% Encoding: UTF-8

@Article{ameri17,
  author  = {Shideh Kabiri Ameri and Rebecca Ho and Hongwoo Jang and Li Tao and Youhua Wang and Liu Wang and David M. Schnyer and Deji Akinwande and Nanshu Lu},
  title   = {Graphene Electronic Tattoo Sensors},
  journal = {ACS Nano},
  year    = {2017},
  volume  = {11},
  number  = {8},
  pages   = {7634-7641},
  note    = {PMID: 28719739},
  doi     = {10.1021/acsnano.7b02182},
  eprint  = {http://dx.doi.org/10.1021/acsnano.7b02182},
  url     = {http://dx.doi.org/10.1021/acsnano.7b02182},
}

@InProceedings{atallah11,
  author    = {Atallah, Louis and Jones, Gareth G. and Ali, Raza and Leong, Julian J. H. and Lo, Benny and Yang, Guang-Zhong},
  title     = {Observing Recovery from Knee-Replacement Surgery by Using Wearable Sensors},
  booktitle = {Proceedings of the 2011 International Conference on Body Sensor Networks},
  year      = {2011},
  series    = {BSN '11},
  pages     = {29--34},
  address   = {Washington, DC, USA},
  publisher = {IEEE Computer Society},
  acmid     = {2004820},
  doi       = {10.1109/BSN.2011.10},
  isbn      = {978-0-7695-4431-1},
  keywords  = {Wearable sensors, body sensor networks, gait},
  numpages  = {6},
  url       = {http://dx.doi.org/10.1109/BSN.2011.10},
}

@Misc{bourzac17,
  author       = {Katherine Bourzac},
  title        = {Graphene Temporary Tattoo Tracks Vital Signs},
  howpublished = {online},
  month        = Jan,
  year         = {2017},
  note         = {IEEE Spectrum},
  owner        = {IEEE Spectrum},
  url          = {https://spectrum.ieee.org/nanoclast/semiconductors/nanotechnology/graphene-temporary-tattoo},
}

@Article{boyer10,
  author  = {Edward W. Boyer and David Smelson and Richard Fletcher and Douglas Ziedonis and Rosalind W. Picard},
  title   = {Wireless Technologies, Ubiquitous Computing and Mobile Health: Application to Drug Abuse Treatment and Compliance with HIV Therapies.},
  journal = {Journal of Medical Toxicology},
  year    = {2010},
  volume  = {6},
  number  = {2},
  pages   = {212-216},
  month   = Jul,
  doi     = {10.1007/s13181-010-0080-z},
  url     = {https://link.springer.com/article/10.1007/s13181-010-0080-z},
}

@Article{carreiro15,
  author  = {Carreiro, Stephanie and Smelson, David and Ranney, Megan and Horvath, Keith J. and Picard, R. W. and Boudreaux, Edwin D. and Hayes, Rashelle and Boyer, Edward W.},
  title   = {Real-Time Mobile Detection of Drug Use with Wearable Biosensors: A Pilot Study.},
  journal = {Journal of Medical Toxicology.},
  year    = {2015},
  volume  = {11},
  number  = {1},
  pages   = {73-79},
  month   = Oct,
  doi     = {10.1007/s13181-014-0439-7.},
  url     = {https://www.ncbi.nlm.nih.gov/pmc/articles/PMC4371024/},
}

@Article{carroll08,
  author  = {Carroll, K.M. and Ball, S.A. and Martino, S. and et al.},
  title   = {Computer-assisted delivery of cognitive-behavioral therapy for addiction: a randomized trial of CBT4CBT},
  journal = {Am J Psychiatry},
  year    = {2008},
  volume  = {165},
  number  = {7},
  pages   = {881–8},
  doi     = {10.1176/appi.ajp.2008.07111835},
  url     = {https://www.ncbi.nlm.nih.gov/pubmed/18450927/},
}

@Misc{cdc17,
  author       = {Centers for Disease Control and Prevention},
  title        = {Prescription Opioid Overdose Data},
  howpublished = {online},
  month        = Oct,
  year         = {2017},
  url          = {https://www.cdc.gov/drugoverdose/data/overdose.html},
}

@InProceedings{fletcher12,
  author       = {Richard Ribón Fletcher AND Ken-ichi Amemori AND Matthew Goodwin AND Ann M. Graybiel},
  title        = {Wearable wireless sensor platform for studying autonomic activity and social behavior in non-human primates},
  booktitle    = {Engineering in Medicine and Biology Society (EMBC), 2012 Annual International Conference of the IEEE},
  year         = {2012},
  editor       = {Annual International Conference of the IEEE},
  pages        = {4046-4049},
  address      = {San Diego, CA, USA},
  month        = Aug,
  organization = {IEEE},
  publisher    = {IEEE},
  doi          = {10.1109/EMBC.2012.6346855},
  url          = {http://ieeexplore.ieee.org/xpl/mostRecentIssue.jsp?punumber=6320834},
}

@Article{gustafson14,
  author  = {Gustafson, D.H. and McTavish, F.M. and Chih, M.-Y. and Atwood, A.K. and Johnson, R.G. and Boyle, M. and ... Shah, M.},
  title   = {A smartphone application to support recovery from alcoholism: A randomized controlled trial.},
  journal = {JAMA psychiatry.},
  year    = {2014},
  volume  = {71},
  number  = {5},
  pages   = {566-572},
  month   = May,
  doi     = {10.1001/jamapsychiatry.2013.4642},
  url     = {https://www.ncbi.nlm.nih.gov/pmc/articles/PMC4016167/},
}

@Article{johnson11,
  author  = {Johnson, K. and Isham, A. and Shah, D.V. and Gustafson, D.H.},
  title   = {Potential Roles for New Communication Technologies in Treatment of Addiction.},
  journal = {Current psychiatry reports.},
  year    = {2011},
  volume  = {13},
  number  = {5},
  pages   = {390-397},
  doi     = {10.1007/s11920-011-0218-y},
  url     = {https://www.ncbi.nlm.nih.gov/pmc/articles/PMC3179375/},
}

@Article{marsch12,
  author  = {Marsch, Lisa A.},
  title   = {Leveraging teachnology to enhance addiction treatment and recovery.},
  journal = {Journal of Addictive Diseases},
  year    = {2012},
  volume  = {31},
  number  = {3},
  pages   = {313-318},
  doi     = {10.1080/10550887.2012.694606},
  url     = {https://www.ncbi.nlm.nih.gov/pmc/articles/PMC3650640/},
}

@Article{marschdallery2012,
  author  = {Marsch, L. A. and Dallery, J.},
  title   = {Advances in the Psychosocial Treatment of Addiction: The Role of Technology in the Delivery of Evidence-Based Psychosocial Treatment.},
  journal = {The Psychiatric Clinics of North America},
  year    = {2012},
  volume  = {;35(2):. doi:},
  number  = {2},
  pages   = {481-493},
  doi     = {10.1016/j.psc.2012.03.009},
  url     = {https://www.ncbi.nlm.nih.gov/pmc/articles/PMC3362794/},
}

@Article{metcalf16,
  author  = {David Metcalf and Sharlin T. J. Milliard and Melinda Gomez and Michael Schwartz},
  title   = {Wearables and the Internet of Things for Health.},
  journal = {IEEE Pulse},
  year    = {2016},
  volume  = {7},
  number  = {5},
  pages   = {35-39},
  month   = Oct,
  doi     = {10.1109/MPUL.2016.2592260},
  url     = {https://pulse.embs.org/september-2016/wearables-internet-of-things-iot-health/},
}

@TechReport{nida17,
  author      = {National Institute on Drug Abuse (NIDA)},
  title       = {Overdose Death Rates},
  institution = {National Institutes of Health (NIH)},
  year        = {2017},
  type        = {Summary},
  address     = {Washington D.C.},
  url         = {https://www.drugabuse.gov/related-topics/trends-statistics/overdose-death-rates},
}

@Article{shaham03,
  author  = {Shaham, Yavin and Shalev, Uri and Lu, Lin and de Wit, Harriet and Stewart, Jane},
  title   = {The reinstatement model of drug relapse: history, methodology and major findings},
  journal = {Psychopharmacology},
  year    = {2003},
  volume  = {168},
  number  = {1},
  pages   = {3--20},
  month   = {Jul},
  issn    = {1432-2072},
  day     = {01},
  doi     = {10.1007/s00213-002-1224-x},
  url     = {url="https://doi.org/10.1007/s00213-002-1224-x"},
}

@Article{swedenson16,
  author  = {J. Swendsen},
  title   = {Contributions of mobile technologies to addiction research},
  journal = {Dialogues Clinical Neuroscience},
  year    = {2016},
  volume  = {18},
  number  = {2},
  pages   = {213-221},
  month   = Jun,
  url     = {https://www.ncbi.nlm.nih.gov/pmc/articles/PMC4969708/},
}

@Article{talla17,
  author        = {Vamsi Talla and Mehrdad Hessar and Bryce Kellogg and Ali Najafi and Joshua R. Smith and Shyamnath Gollakota},
  title         = {LoRa Backscatter: Enabling The Vision of Ubiquitous Connectivity},
  journal       = {CoRR},
  year          = {2017},
  volume        = {abs/1705.05953},
  archiveprefix = {arXiv},
  bibsource     = {dblp computer science bibliography, http://dblp.org},
  biburl        = {http://dblp.org/rec/bib/journals/corr/TallaHKNSG17},
  eprint        = {1705.05953},
  timestamp     = {Wed, 07 Jun 2017 14:40:31 +0200},
  url           = {http://arxiv.org/abs/1705.05953},
}

@InProceedings{Varshney14,
  author    = {Varshney, Upkar},
  title     = {Mobile Health: Medication Abuse and Addiction},
  booktitle = {Proceedings of the 4th ACM MobiHoc Workshop on Pervasive Wireless Healthcare},
  year      = {2014},
  series    = {MobileHealth '14},
  pages     = {37--42},
  address   = {New York, NY, USA},
  publisher = {ACM},
  acmid     = {2633656},
  doi       = {10.1145/2633651.2633656},
  isbn      = {978-1-4503-2983-5},
  keywords  = {addiction, mobile health, monitoring, prescription abuse},
  location  = {Philadelphia, Pennsylvania, USA},
  numpages  = {6},
  url       = {http://doi.acm.org/10.1145/2633651.2633656},
}

@Article{varshney13,
  author  = {Varshney, Upkar},
  title   = {Smart medication management system and multiple interventions for medication adherence},
  journal = {Decision Support Systems},
  year    = {2013},
  volume  = {55},
  number  = {5},
  pages   = {538-551},
  month   = May,
  doi     = {https://doi.org/10.1016/j.dss.2012.10.011},
  url     = {http://www.sciencedirect.com/science/article/pii/S0167923612002667},
}

@Article{volkow14,
  author  = {Volkow , Nora D. and Frieden , Thomas R. and Hyde , Pamela S. and Cha , Stephen S.},
  title   = {Medication-Assisted Therapies: Tackling the Opioid-Overdose Epidemic},
  journal = {New England Journal of Medicine},
  year    = {2014},
  volume  = {370},
  number  = {22},
  pages   = {2063-2066},
  note    = {PMID: 24758595},
  doi     = {10.1056/NEJMp1402780},
  eprint  = {http://dx.doi.org/10.1056/NEJMp1402780},
  url     = {http://dx.doi.org/10.1056/NEJMp1402780},
}

@Comment{jabref-meta: databaseType:bibtex;}
